@misc{Authors01,
 author = { Ani Petrosyan},
 title = {Worldwide digital population 2023},
 note = {https://www.statista.com/statistics/617136/digital-population-worldwide/},
 year = 2023
}

@misc{Authors02,
 author = {Zhang,H.},
 title = {A survey on phishing detection techniques},
 note = {},
 year = 2020
}

@misc{FBI-IC3,
 author = {FBI},
 title = {Internet Crime Complaint Center (IC3),Annual Reports},
 note = {https://www.ic3.gov/Home/AnnualReports},
 year = 2022
}

@misc{APWG-Report,
 author = {APWG},
 title = {Phishing activity trends report.},
 note ={https://docs.apwg.org/reports/apwg_trends_report_q3_2022.pdf},
 year = 2022
}

@article{Machine-learning-algorithms,
author = {Sarker, Iqbal},
year = {2021},
month = {03},
pages = {},
title = {Machine Learning: Algorithms, Real-World Applications and Research Directions},
volume = {2},
journal = {SN Computer Science},
doi = {10.1007/s42979-021-00592-x}
}

@misc{Authors03,
 author = {Mahmoud Othma},
 title = {An Empirical Study Towards an Automatic Phishin},
 note = {},
 year = 2022
}
@misc{Authors04,
 author = {Ashit Kumar Dutta},
 title = {Detecting phishing websites using machine
learning technique},
 note = {},
 year = 2021
}



@misc{Authors05,
 author = {Muhammad Sanwal},
 title = {A HYBRID PHISHING DETECTION MODEL BASED ON TRANSFORMER CHARACTERBERT FROM URLS},
 note = {},
 year = 2021
}

@misc{Authors06,
 author = {Ammara Zamir},
 title = {Phishing web site detection using
diverse machine learning algorithms},
 note = {},
 year = 2020
}

@misc{Authors07,
 author = {Bhanu Teja Mummadi},
 title = {Detection of Phishing Websites Using Supervised Learning},
 note = {},
 year = 2022
}

% Phishing technique

@article{VB2018,
author = {V. B. and others},
title = {Study on Phishing Attacks},
journal = {International Journal of Computer Applications},
year = {2018}
}

@inproceedings{lam2009counteracting,
  title={Counteracting phishing page polymorphism: An image layout analysis approach},
  author={Lam, I-F and Xiao, W-C and Wang, S-C and Chen, K-T},
  booktitle={International Conference on Information Security and Assurance},
  pages={270--279},
  year={2009},
  organization={Springer}
}

@inproceedings{Waziri20151WF,
  title={1 Website Forgery : Understanding Phishing Attacks \&},
  author={Ibrahim Waziri},
  year={2015}
}

@article{krombholz2015advanced,
  title={Advanced social engineering attacks},
  author={Krombholz, Katharina and Hobel, Heidelinde and Huber, Markus and Weippl, Edgar},
  journal={Journal of Information Security and Applications},
  volume={22},
  pages={113--122},
  year={2015},
  publisher={Elsevier}
}

% Background and Related work

@article{basit2020comprehensive,
  title={A comprehensive survey of AI-enabled phishing attacks detection techniques},
  author={Basit, Abdul and Zafar, Muhammad and Liu, Xiaodong and Javed, Aneeqa Rashid and Jalil, Zafar and Kifayat, Kashif},
  journal={Telecommunication Systems},
  volume={76},
  number={1},
  pages={139--154},
  year={2020},
  publisher={Springer}
}

@inproceedings{singh2020phishing,
  title={Phishing Website Detection Based on Machine Learning: A Survey},
  author={Singh, Chhaya},
  booktitle={Proceedings of the 2020 6th International Conference on Advanced Computing and Communication Systems (ICACCS)},
  pages={274--279},
  year={2020},
  organization={IEEE},
  address={Coimbatore, India},
  month={March},
  doi={10.1109/ICACCS48791.2020.9074696}
}

@article{vijayalakshmi2020web,
  title={Web phishing detection techniques: A survey on the state-of-the-art, taxonomy and future directions},
  author={Vijayalakshmi, M. and Shalinie, S. M. and Yang, Ming-Hsuan},
  journal={IET Networks},
  volume={9},
  number={4},
  pages={235--246},
  year={2020},
  publisher={IET},
  doi={10.1049/iet-net.2020.0081}
}

@article{kalaharsha2021detecting,
  title={Detecting Phishing Sites--An Overview},
  author={Kalaharsha, Poornachandra and Mehtre, B.M.},
  journal={arXiv preprint arXiv:2103.12739},
  year={2021}
}

@article{jain2021survey,
  title={A survey of phishing attack techniques, defence mechanisms and open research challenges},
  author={Jain, Akanksha K. and Gupta, Brij B.},
  journal={Enterprise Information Systems},
  pages={1--39},
  year={2021},
  publisher={Taylor \& Francis},
  doi={10.1080/17517575.2021.1988773}
}

@article{zieni2019phishing,
  title={Phishing or Not Phishing? A Survey on the Detection of Phishing Websites},
  author={Zieni, Rasha and Massari, Luisa and Calzarossa, Maria Carla},
  journal={IEEE Access},
  volume={7},
  pages={112758--112778},
  year={2019},
  publisher={IEEE},
  doi={10.1109/ACCESS.2019.2939292}
}

% Datasets

@misc{phishtank,
  title = {{PhishTank|Join the Fight against Phishing}},
  howpublished = {\url{https://www.phishtank.com/index.php}},
  note = {Accessed on 18 July 2021}
}

@misc{mohammad2015uci,
  author = {Mohammad, Rami M. A. and McCluskey, Lee and Thabtah, Fadi},
  title = {{UCI} Machine Learning Repository: Phishing Websites Data Set},
  howpublished = {\url{https://archive.ics.uci.edu/ml/datasets/Phishing+Websites}},
  note = {Accessed on 26 March 2015},
  year = {2015}
}

@article{tan2018phishing,
  title = {Phishing Dataset for Machine Learning: Feature Evaluation},
  author = {Tan, Chia Li},
  year = {2018},
  publisher = {Mendeley},
  doi = {10.17632/c8gts41fr5.1},
  url = {https://doi.org/10.17632/c8gts41fr5.1}
}

@misc{unb-url2016,
  title = {{URL 2016|Datasets|Research|Canadian Institute for Cybersecurity|UNB}},
  author = {{Canadian Institute for Cybersecurity|UNB}},
  year = {2016},
  url = {https://www.unb.ca/cic/datasets/url-2016.html},
  note = {Accessed: 18 July 2021}
}

@misc{alexa-website,
  title = {Keyword Research, Competitive Analysis, \& Website Ranking|Alexa},
  author = {Alexa},
  year = {no year},
  url = {https://www.alexa.com/},
  note = {Accessed: 18 July 2021}
}


% Preprocessing and feature Engineering

@article{kannan2014preprocessing,
  title={Preprocessing techniques for text mining},
  author={Kannan, S and Gurusamy, V and Vijayarani, S},
  journal={International Journal of Computer Applications},
  volume={101},
  number={5},
  pages={1--7},
  year={2014},
  publisher={Foundation of Computer Science}
}



% Phishing Detection Aproaches

@article{phishing-detection,
author = {Alanezi, Mafaz},
year = {2021},
month = {11},
pages = {19-35},
title = {Phishing Detection Methods: A Review},
volume = {3},
journal = {Technium: Romanian Journal of Applied Sciences and Technology},
doi = {10.47577/technium.v3i9.4973}
}

@article{phishing-detection1,
author = {Basnet, Ram and Sung, Andrew and Liu, Qingzhong},
year = {2012},
month = {04},
pages = {},
title = {Rule-Based Phishing Attack Detection}
}

@article{shahrivari2020phishing,
  title={Phishing detection using machine learning techniques},
  author={Shahrivari, Vahid and Darabi, Mohammad Mahdi and Izadi, Mohammad},
  journal={arXiv preprint arXiv:2009.11116},
  year={2020}
}

@inproceedings{phishing-detection2,
author = {Mirza, Amaad and Asghar, Sohail and Zafar, Ayesha and Gilani, Saira},
year = {2016},
month = {12},
pages = {1126-1133},
title = {A Hybrid Model to Detect Phishing-Sites Using Supervised Learning Algorithms},
doi = {10.1109/CSCI.2016.0214}
}

% CNN Papers

@ARTICLE{726791,
  author={Lecun, Y. and Bottou, L. and Bengio, Y. and Haffner, P.},
  journal={Proceedings of the IEEE}, 
  title={Gradient-based learning applied to document recognition}, 
  year={1998},
  volume={86},
  number={11},
  pages={2278-2324},
  doi={10.1109/5.726791}}

@inproceedings{NIPS2012_4824,
  author = {Krizhevsky, Alex and Sutskever, Ilya and Hinton, Geoffrey E.},
  booktitle = {Advances in Neural Information Processing Systems 25},
  editor = {P. Bartlett and F.C.N. Pereira and C.J.C. Burges and L. Bottou and K.Q. Weinberger},
  pages = {1097--1105},
  publisher = {Curran Associates, Inc.},
  title = {ImageNet Classification with Deep Convolutional Neural Networks},
  year = {2012}
}

@inproceedings{he2016deep,
  title={Deep residual learning for image recognition},
  author={He, Kaiming and Zhang, Xiangyu and Ren, Shaoqing and Sun, Jian},
  booktitle={Proceedings of the IEEE conference on computer vision and pattern recognition},
  pages={770--778},
  year={2016}
}

@inproceedings{szegedy2015going,
  title={Going deeper with convolutions},
  author={Szegedy, Christian and Liu, Wei and Jia, Yangqing and Sermanet, Pierre and Reed, Scott and Anguelov, Dragomir and Erhan, Dumitru and Vanhoucke, Vincent and Rabinovich, Andrew},
  booktitle={Proceedings of the IEEE conference on computer vision and pattern recognition},
  pages={1--9},
  year={2015}
}

@inproceedings{zeiler2014visualizing,
  title={Visualizing and understanding convolutional networks},
  author={Zeiler, Matthew D and Fergus, Rob},
  booktitle={European conference on computer vision},
  pages={818--833},
  year={2014},
  organization={Springer}
}

@inproceedings{srivastava2015highway,
  title={Highway networks},
  author={Srivastava, Rupesh K and Greff, Klaus and Schmidhuber, J{\"u}rgen},
  booktitle={International Conference on Machine Learning},
  pages={646--654},
  year={2015},
  organization={PMLR}
}

@inproceedings{zagoruyko2016wide,
  title={Wide residual networks},
  author={Zagoruyko, Sergey and Komodakis, Nikos},
  booktitle={Proceedings of the British Machine Vision Conference},
  pages={87.1--87.12},
  year={2016},
  organization={BMVA Press}
}

@inproceedings{simonyan2014very,
  title={Very deep convolutional networks for large-scale image recognition},
  author={Simonyan, Karen and Zisserman, Andrew},
  booktitle={International Conference on Learning Representations},
  year={2015}
}

@inproceedings{zhang2017polynet,
  title={Polynet: A pursuit of structural diversity in very deep networks},
  author={Zhang, Xieyuanli and Zhou, Xinyu and Lin, Mengxiao and Sun, Jian},
  booktitle={Proceedings of the IEEE Conference on Computer Vision and Pattern Recognition},
  pages={3900--3908},
  year={2017}
}

@inproceedings{ioffe2015batch,
  title={Batch normalization: Accelerating deep network training by reducing internal covariate shift},
  author={Ioffe, Sergey and Szegedy, Christian},
  booktitle={Proceedings of the 32nd International Conference on Machine Learning},
  pages={448--456},
  year={2015}
}

@inproceedings{huang2017densely,
  title={Densely connected convolutional networks},
  author={Huang, Gao and Liu, Zhuang and van der Maaten, Laurens and Weinberger, Kilian Q.},
  booktitle={Proceedings of the IEEE conference on computer vision and pattern recognition},
  pages={4700--4708},
  year={2017}
}

@inproceedings{chollet2017xception,
  title={Xception: Deep learning with depthwise separable convolutions},
  author={Chollet, Fran{\c{c}}ois},
  booktitle={Proceedings of the IEEE conference on computer vision and pattern recognition},
  pages={1251--1258},
  year={2017}
}


% RNN

@article{rumelhart1986learning,
title={Learning representations by back-propagating errors},
author={Rumelhart, David E and Hinton, Geoffrey E and Williams, Ronald J},
journal={nature},
volume={323},
number={6088},
pages={533--536},
year={1986},
publisher={Nature Publishing Group}
}

% State of the art the solution

% Hybrid(Prakash)

@article{othman2021empirical,
  title={An Empirical Study Towards an Automatic Phishing Attack Detection Using Ensemble Stacking Model},
  author={Othman, Mahmoud and Hassan, Hesham},
  journal={Journal of Information Security and Applications},
  volume={61},
  pages={102872},
  year={2021},
  publisher={Elsevier}
}

@article{grega2020datasets,
  title={Datasets for phishing websites detection},
  author={Grega V. and Iztok F. and Vili P.},
  journal={Data in Brief},
  volume={3},
  year={2020},
  pages={105196},
  publisher={Elsevier}
}


% Deep Learning(Madan)
@article{rangapur2021phish,
  title={Phish-Defence: Phishing Detection Using Deep Recurrent Neural Networks},
  author={Rangapur, Aman and Kanakam, Tarun and Dhanvanthini, P},
  journal={IEEE Access},
  volume={9},
  pages={51488--51500},
  year={2021},
  publisher={IEEE}
}

@article{wang2021deep,
  title={Deep Learning-Based Efficient Model Development for Phishing Detection Using Random Forest and BLSTM Classifiers},
  author={Wang, Shan and Khan, Sulaiman and Xu, Chuyi and Nazir, Shah and Hafeez, Abdul},
  journal={Sensors},
  volume={21},
  number={3},
  pages={976},
  year={2021},
  publisher={Multidisciplinary Digital Publishing Institute}
}

@article{aljofey2021effective,
  title={An Effective Phishing Detection Model Based on Character Level Convolutional Neural Network from URL},
  author={Aljofey, Ali and Jiang, Qingshan and Qu, Qiang and Huang, Mingqing and Niyigena, Jean-Pierre},
  journal={Sensors},
  volume={21},
  number={5},
  pages={1612},
  year={2021},
  publisher={Multidisciplinary Digital Publishing Institute}
}
@article{elsadig2021intelligent,
  title={Intelligent Deep Machine Learning Cyber Phishing URL Detection Based on BERT Features Extraction},
  author={Elsadig, Muna and Ibrahim, Ashraf Osman and Basheer, Shakila and Alohali, Manal Abdullah and Alshunaifi, Sara and Alqahtani, Haya and Alharbi, Nihal and Nagmeldin, Wamda},
  journal={Applied Sciences},
  volume={11},
  number={2},
  pages={876},
  year={2021},
  publisher={Multidisciplinary Digital Publishing Institute}
}

@article{prabakaran2021enhanced,
  title={An enhanced deep learning‐based phishing detection mechanism to effectively identify malicious URLs using variational autoencoders},
  author={Prabakaran, Manoj Kumar and Chandrasekar, Abinaya Devi and Sundaram, Parvathy Meenakshi},
  journal={Security and Communication Networks},
  volume={2021},
  year={2021},
  publisher={Hindawi}
}

